@misc{harrington,
  title={Hold'Em versenystratégia},
  author={Bill Robertie,Dan Harrington},
  year={2006},
  publisher={Ekren}
}

@misc{vue,
    title={The Good and the Bad of Vue.js Framework Programming},
	howpublished="\url{https://www.altexsoft.com/blog/engineering/pros-and-cons-of-vue-js/}",
	year={[Online, 2019.09.19]}
}

@misc{node,
    title={The Good and the Bad of Node.js Web App Development},
	howpublished="\url{https://www.altexsoft.com/blog/engineering/the-good-and-the-bad-of-node-js-web-app-development/}",
	year={[Online, 2019.10.21]}
}

@misc{web,
    title={What is Front-End Development: Key Technologies and Concepts},
	howpublished="\url{https://www.altexsoft.com/blog/front-end-development-technologies-concepts/}",
	year={[Online, 2020.01.30]}
}

@misc{firebase,
    title={The Good and the Bad of Firebase Backend Services},
	howpublished="\url{https://www.altexsoft.com/blog/firebase-review-pros-cons-alternatives/}",
	year={[Online, 2020.11.06]}
}

@misc{process-flow,
    title={Data Flow Diagram (DFD) Tutorial: Texas Hold ‘Em},
	howpublished="\url{https://seilevel.com/requirements/data-flow-diagram-dfd-tutorial-texas-hold-em}",
	author={Megan Jackson},
	year={[Online, 2019.]}
}

@misc{cardschat,
    title={Poker Odds Calculator Powered By CardsChat},
	howpublished="\url{https://www.cardschat.com/poker-odds-calculator.php}"
}

@misc{pokerstars,
    title={Texas Hold'Em Poker Odds Calculator Sponsored By Pokerstars},
	howpublished="\url{https://www.pokernews.com/poker-tools/poker-odds-calculator.htm}"
}

@misc{chartjs,
    title={Chart.js},
	howpublished="\url{https://en.wikipedia.org/wiki/Chart.js}",
	year={[Online, 2022.01.20]}
}